@inproceedings{weng2022domain,
  title={Domain Adaptive 3D Pose Augmentation for In-the-wild Human Mesh Recovery},
  author={Weng, Zhenzhen and Wang, Kuan-Chieh and Kanazawa, Angjoo and Yeung, Serena},
  journal={3DV},
  year={2022},
  arxiv = {2206.10457},
  booktitle = {3DV},
  code = {https://github.com/zzweng/dapa_release}
}

@inproceedings{funke2022disentanglement,
  title={Disentanglement and generalization under correlation shifts},
  author={Funke, Christina M and Vicol, Paul and Wang, Kuan-Chieh and K{\"u}mmerer, Matthias and Zemel, Richard and Bethge, Matthias},
  booktitle={Conference on Lifelong Learning Agents},
  pages={116--141},
  year={2022},
  organization={PMLR},
  arxiv = {2112.14754}
}

@inproceedings{wang2021variational,
  title={Variational Model Inversion Attacks},
  author={Wang, Kuan-Chieh and Fu, Yan and Li, Ke and Khisti, Ashish and Zemel, Richard and Makhzani, Alireza},
  journal={Advances in Neural Information Processing Systems},
  volume={34},
  pages={9706--9719},
  year={2021},
  arxiv = {2201.10787},
  booktitle = {NeurIPS},
  code = {https://github.com/wangkua1/vmi}
}

@inproceedings{wang2021grad2task,
  title={Grad2Task: Improved Few-shot Text Classification Using Gradients for Task Representation},
  author={Wang, Jixuan and Wang, Kuan-Chieh and Rudzicz, Frank and Brudno, Michael},
  journal={Advances in Neural Information Processing Systems},
  volume={34},
  pages={6542--6554},
  year={2021},
  arxiv = {2201.11576}, 
  booktitle = {NeurIPS},
  code = {https://github.com/jixuan-wang/grad2task}
}


@inproceedings{behrmann2020on,
abbr = {preprint}, 
title={Understanding and mitigating exploding inverses in invertible neural networks},
author={Jens Behrmann* and Paul Vicol* and \textbf{Kuan-Chieh Wang}* and Roger B. Grosse and J{\"o}rn-Henrik Jacobsen},
year={2021},
arxiv = {2006.09347},
booktitle = {AISTATS}, 
code = {https://github.com/asteroidhouse/INN-exploding-inverses}
}



@inproceedings{behrmann2020on,
abbr = {preprint}, 
title={Understanding and mitigating exploding inverses in invertible neural networks},
author={Jens Behrmann* and Paul Vicol* and \textbf{Kuan-Chieh Wang}* and Roger B. Grosse and J{\"o}rn-Henrik Jacobsen},
year={2021},
arxiv = {2006.09347},
booktitle = {AISTATS}, 
code = {https://github.com/asteroidhouse/INN-exploding-inverses}
}

@inproceedings{wang2020fsood,
  abbr = {ICMLw}, 
  title={Few-shot Out-of-Distribution Detection},
  author={\textbf{Kuan-Chieh Wang} and Paul Vicol and Eleni Triantafillou and Richard Zemel},
  booktitle={ICML Workshop on Uncertainty and Robustness in Deep Learning},
  year={2020},
  html = {http://www.gatsby.ucl.ac.uk/~balaji/udl2020/accepted-papers/UDL2020-paper-010.pdf}, 
  code = {https://github.com/wangkua1/fs-ood}
}


@inproceedings{grathwohl2020cutting,
  abbr = {ICML}, 
  title={Cutting out the Middle-Man: Training and Evaluating Energy-Based Models without Sampling},
  author={Grathwohl, Will and \textbf{Kuan-Chieh Wang} and Jacobsen, Jorn-Henrik and Duvenaud, David and Zemel, Richard},
  booktitle = {ICML}, 
  year={2020},
  arxiv = {2002.05616}, 
  code = {https://github.com/wgrathwohl/LSD}
}

@inproceedings{grathwohl2019your,
  abbr = {ICLR},  
  title={Your classifier is secretly an energy based model and you should treat it like one},
  author={Grathwohl, Will and \textbf{Kuan-Chieh Wang*} and Jacobsen*, J{\"o}rn-Henrik and Duvenaud, David and Norouzi, Mohammad and Swersky, Kevin},
  journal={arXiv preprint arXiv:1912.03263},
  year={2020},
  booktitle = {ICLR}, 
  arxiv = {1912.03263}, 
  code = {https://github.com/wgrathwohl/JEM},
}



@inproceedings{wang2019customizable,
  abbr={ICLRw},
  title={Customizable Facial Gesture Recognition For Improved Assistive Technology},
  author={\textbf{Kuan-Chieh Wang} and Wang, Jixuan and Truong, Khai and Zemel, Richard},
  booktitle={ICLR AI for Social Good Workshop},
  year={2019},
  html={https://aiforsocialgood.github.io/iclr2019/accepted/track1/pdfs/20_aisg_iclr2019.pdf}
}



@inproceedings{wang2019safeml,
abbr={ICLRw},
  title = {Towards Few-Shot Out-of-Distribution Detection},
  author = {\textbf{Kuan-Chieh Wang*} and Liu*, Chia-Cheng and Vicol, Paul and Zemel, Richard},
  booktitle = {ICLR Safe Machine Learning Workshop},
  Year = {2019},
  html = {https://sites.google.com/view/safeml-iclr2019/accepted-papers}
}

@article{shen2019lingvo,

  title={Lingvo: a modular and scalable framework for sequence-to-sequence modeling},
  author={Shen, Jonathan and Nguyen, Patrick and Wu, Yonghui and Chen, Zhifeng and Chen, Mia X and Jia, Ye and Kannan, Anjuli and Sainath, Tara and Cao, Yuan and Chiu, Chung-Cheng and others},
  Journal={Technical Report},
  year={2019},
  arxiv={1902.08295},
  code={https://github.com/tensorflow/lingvo}
}

@inproceedings{wang2019centroid,
abbr={ICASSP},
  title={Centroid-based deep metric learning for speaker recognition},
  author={Wang*, Jixuan and \textbf{Kuan-Chieh Wang*} and Law, Marc T and Rudzicz, Frank and Brudno, Michael},
  booktitle={ICASSP},
  year={2019},
  organization={IEEE},
  arxiv={1902.02375},
}


@inproceedings{wangAPD2018,
  abbr={ICML},
  title={{Adversarial distillation of Bayesian neural network posteriors}},
  author={\textbf{Kuan-Chieh Wang} and Paul Vicol and James Lucas and Li Gu and Roger Grosse and Richard Zemel},
  booktitle={ICML},
  year={2018},
  code={https://github.com/wangkua1/apd_public},
  arxiv={1806.10317},
}


@inproceedings{kipf2018neural,
  abbr={ICML},
  title={Neural Relational Inference for Interacting Systems},
  author={Kipf*, Thomas and Fetaya*, Ethan and \textbf{Kuan-Chieh Wang} and Welling, Max and Zemel, Richard},
  booktitle={ICML},
  year={2018},
  arxiv={1802.04687},
  code={https://github.com/ethanfetaya/NRI}
}

@inproceedings{li2017dualing,
  abbr={NeurIPS},
  title={Dualing GANs},
  author={Li, Yujia and Schwing, Alexander and \textbf{Kuan-Chieh Wang} and Zemel, Richard},
  booktitle={NeurIPS},
  year={2017},
  arxiv={1706.06216}
}




@inproceedings{wang2016classifying,
  title={Classifying NBA offensive plays using neural networks},
  author={\textbf{Kuan-Chieh Wang} and Zemel, Richard},
  year = {2016},
  booktitle = {MIT Sloan Sports Analytics Conference}, 
  paper = {https://sloansportsconference.com/wp-content/uploads/2016/02/1536-Classifying-NBA-Offensive-Plays-Using-Neural-Networks.pdf}
}

