@inproceedings{dravid2024interpreting,
  abbr={preprint},
  title={Interpreting the Weight Space of Customized Diffusion Models},
  author={Dravid, Amil and Gandelsman, Yossi and Wang, Kuan-Chieh and Abdal, Rameen and Wetzstein, Gordon and Efros, Alexei A and Aberman, Kfir},
  journal={arXiv preprint arXiv:2406.09413},
  year={2024},
  arxiv={2406.09413},
  page={https://snap-research.github.io/weights2weights/},
}


@inproceedings{zohar2023open,
  abbr={preprint},
  title={Open World Object Detection in the Era of Foundation Models},
  author={Zohar, Orr and Lozano, Alejandro and Goel, Shelly and Yeung-Levy, Serena and Wang, Kuan-Chieh},
  year={2023},
  page={https://orrzohar.github.io/projects/fomo/},
  arxiv={2312.05745},
  code={https://github.com/orrzohar/FOMO},
}
