
@inproceedings{mi2025think,
  abbr={ICML},
  title={I Think, Therefore I Diffuse: Enabling Multimodal In-Context Reasoning in Diffusion Models},
  author={Mi, Zhenxing and Wang, Kuan-Chieh and Qian, Guocheng and Ye, Hanrong and Liu, Runtao and Tulyakov, Sergey and Aberman, Kfir and Xu, Dan},
  booktitle={ICML},
  year={2025}
}

@inproceedings{qian2025omni,
  abbr={CVPR},
  title={Omni-id: Holistic identity representation designed for generative tasks},
  author={Qian, Guocheng and Wang, Kuan-Chieh and Patashnik, Or and Heravi, Negin and Ostashev, Daniil and Tulyakov, Sergey and Cohen-Or, Daniel and Aberman, Kfir},
  booktitle={CVPR},
  pages={8786--8795},
  year={2025}
}

@inproceedings{dravid2024interpreting,
  abbr={NeurIPS},
  title={Interpreting the weight space of customized diffusion models},
  author={Dravid, Amil and Gandelsman, Yossi and Wang, Kuan-Chieh and Abdal, Rameen and Wetzstein, Gordon and Efros, Alexei and Aberman, Kfir},
  booktitle={NeurIPS},
  volume={37},
  pages={137334--137371},
  year={2024}
}


@inproceedings{wang2024moa,
  abbr={SIGA},
  title={MoA: Mixture-of-Attention for Subject-Context Disentanglement in Personalized Image Generation},
  author={Kuan-Chieh Wang and Daniil Ostashev and Yuwei Fang and Sergey Tulyakov and Kfir Aberman},
  year={2024},
  booktitle={SIGGRAPH Asia},
  page={https://snap-research.github.io/mixture-of-attention},
  arxiv={2404.11565},
}

@inproceedings{goel2024iterative,
  abbr={SIGGRAPH},
  title={Iterative Motion Editing with Natural Language},
  author={Goel, Purvi and Wang, Kuan-Chieh and Liu, C Karen and Fatahalian, Kayvon},
  booktitle={SIGGRAPH},
  year={2024},
  arxiv={2312.11538},
  page={https://purvigoel.github.io/iterative-motion-editing/},
}

@inproceedings{burgess2023viewpoint,
  abbr={ECCV},
  title={Viewpoint Textual Inversion: Unleashing Novel View Synthesis with Pretrained 2D Diffusion Models},
  author={Burgess, James and Wang, Kuan-Chieh and Yeung, Serena},
  booktitle={ECCV},
  year={2024},
  page={https://jmhb0.github.io/viewneti/},
  arxiv={2309.07986},
  code={https://github.com/jmhb0/view_neti}
}



@inproceedings{zohar2022prob,
  abbr={CVPR},
  title={PROB: Probabilistic Objectness for Open World Object Detection},
  author={Zohar, Orr and Wang, Kuan-Chieh and Yeung, Serena},
  journal={CVPR},
  booktitle={CVPR},
  year={2023},
  arxiv={2212.01424},
  code={https://github.com/orrzohar/PROB}
}

@inproceedings{zhangdrml,
  abbr={ICLR},
  title={DrML: Diagnosing and Rectifying Vision Models using Language},
  author={Zhang, Yuhui and HaoChen, Jeff Z and Huang, Shih-Cheng and Wang, Kuan-Chieh and Zou, James and Yeung, Serena},
  year={2023},
  booktitle = {ICLR},
  paper={https://openreview.net/pdf?id=ZpN2EOEUnr},
  code={https://github.com/yuhui-zh15/drml}
}
