
@inproceedings{zohar2023open,
  abbr={preprint},
  title={Open World Object Detection in the Era of Foundation Models},
  author={Zohar, Orr and Lozano, Alejandro and Goel, Shelly and Yeung-Levy, Serena and Wang, Kuan-Chieh},
  year={2023},
  page={https://orrzohar.github.io/projects/fomo/},
  arxiv={2312.05745},
  code={https://github.com/orrzohar/FOMO},
}
